<record><leader>00000cas a2200000 a 4500</leader><controlfield tag="001">10064932</controlfield><controlfield tag="008">831027d18031814maucr ne      0    0eng c</controlfield><datafield ind1=" " ind2=" " tag="010"><subfield code="a">sn 83021278 </subfield></datafield><datafield ind1=" " ind2=" " tag="040"><subfield code="a">NPX</subfield><subfield code="b">eng</subfield><subfield code="c">NPX</subfield><subfield code="d">NPA</subfield><subfield code="d">DLC</subfield><subfield code="d">NPU</subfield><subfield code="d">NPA</subfield><subfield code="d">YOX</subfield><subfield code="d">DLC</subfield><subfield code="d">NJW</subfield><subfield code="d">KNP</subfield><subfield code="d">YOX</subfield><subfield code="d">NVH</subfield><subfield code="d">KNP</subfield><subfield code="d">HUL</subfield><subfield code="d">MGN</subfield><subfield code="d">FUG</subfield><subfield code="d">NVK</subfield><subfield code="d">NVF</subfield><subfield code="d">DLC</subfield><subfield code="d">OCL</subfield><subfield code="d">NYS</subfield><subfield code="d">BOS</subfield><subfield code="d">KRTAS</subfield><subfield code="d">UKMGB</subfield><subfield code="d">OCLCQ</subfield><subfield code="d">OCLCF</subfield><subfield code="d">OCLCO</subfield><subfield code="d">COO</subfield><subfield code="d">NLC</subfield></datafield><datafield ind1="7" ind2=" " tag="016"><subfield code="a">013915013</subfield><subfield code="2">Uk</subfield></datafield><datafield ind1=" " ind2=" " tag="016"><subfield code="a">(AMICUS)000015435984</subfield></datafield><datafield ind1=" " ind2=" " tag="042"><subfield code="a">pcc</subfield></datafield><datafield ind1=" " ind2=" " tag="043"><subfield code="a">n-us-ma</subfield></datafield><datafield ind1="0" ind2="0" tag="050"><subfield code="a">Newspaper 8229</subfield></datafield><datafield ind1="1" ind2="4" tag="050"><subfield code="a">AN20.M3</subfield><subfield code="b">M35</subfield></datafield><datafield ind1="0" ind2=" " tag="130"><subfield code="a">New-England palladium (Boston, Mass. : 1803)</subfield></datafield><datafield ind1="1" ind2="0" tag="245"><subfield code="a">New-England palladium.</subfield></datafield><datafield ind1="1" ind2="3" tag="246"><subfield code="a">New-England commercial advertiser palladium</subfield></datafield><datafield ind1=" " ind2=" " tag="260"><subfield code="a">Boston, Mass. :</subfield><subfield code="b">Young &amp; Minns,</subfield><subfield code="c">1803-1814.</subfield></datafield><datafield ind1=" " ind2=" " tag="300"><subfield code="a">v. ;</subfield><subfield code="c">56 cm.</subfield></datafield><datafield ind1=" " ind2=" " tag="310"><subfield code="a">Semiweekly</subfield></datafield><datafield ind1="0" ind2=" " tag="362"><subfield code="a">Vol. 21, no. 20 (Mar. 11, 1803)-v. 44, no. 52 (Dec. 30, 1814).</subfield></datafield><datafield ind1=" " ind2=" " tag="500"><subfield code="a">The phrase "Commercial advertiser" appears within the title ornament, Apr. 23, 1813-1814.</subfield></datafield><datafield ind1="4" ind2=" " tag="510"><subfield code="a">C.S. Brigham, Early American newspapers</subfield><subfield code="c">p. 324</subfield></datafield><datafield ind1=" " ind2=" " tag="530"><subfield code="a">Also issued in microform from Readex.</subfield></datafield><datafield ind1=" " ind2="0" tag="651"><subfield code="a">Boston (Mass.)</subfield><subfield code="v">Newspapers.</subfield></datafield><datafield ind1=" " ind2="0" tag="651"><subfield code="a">Suffolk County (Mass.)</subfield><subfield code="v">Newspapers.</subfield></datafield><datafield ind1=" " ind2="7" tag="651"><subfield code="a">Massachusetts</subfield><subfield code="z">Boston.</subfield><subfield code="2">fast</subfield><subfield code="0">(OCoLC)fst01205012</subfield></datafield><datafield ind1=" " ind2="7" tag="651"><subfield code="a">Massachusetts</subfield><subfield code="z">Suffolk County.</subfield><subfield code="2">fast</subfield><subfield code="0">(OCoLC)fst01206189</subfield></datafield><datafield ind1=" " ind2="7" tag="655"><subfield code="a">Newspapers.</subfield><subfield code="2">fast</subfield><subfield code="0">(OCoLC)fst01423814</subfield></datafield><datafield ind1=" " ind2=" " tag="752"><subfield code="a">United States</subfield><subfield code="b">Massachusetts</subfield><subfield code="c">Suffolk</subfield><subfield code="d">Boston.</subfield></datafield><datafield ind1="0" ind2="0" tag="780"><subfield code="t">Mercury and New-England palladium</subfield><subfield code="w">(DLC)sn 85042873</subfield><subfield code="w">(OCoLC)12899972</subfield></datafield><datafield ind1="0" ind2="0" tag="785"><subfield code="t">New-England palladium &amp; commercial advertiser</subfield><subfield code="w">(DLC)sn 83021279</subfield><subfield code="w">(OCoLC)10065063</subfield></datafield><datafield ind1=" " ind2=" " tag="850"><subfield code="a">MH</subfield></datafield><datafield ind1=" " ind2=" " tag="938"><subfield code="a">Kirtas Technologies, Inc.</subfield><subfield code="b">KRTS</subfield><subfield code="n">737608</subfield></datafield></record>